<?xml version="1.0" encoding="UTF-8"?><collection xmlns="http://www.loc.gov/MARC21/slim"><record><leader>00439nam--2200157-i-4500</leader><controlfield tag="001">000024215</controlfield><controlfield tag="002">20161230</controlfield><controlfield tag="005">20170210212051</controlfield><controlfield tag="008">060222s1000------------r-----000-0-eng-d</controlfield><datafield ind1=" " ind2=" " tag="080"><subfield code="a">51009</subfield></datafield><datafield ind1=" " ind2=" " tag="100"><subfield code="a">Heims, Steve J</subfield></datafield><datafield ind1=" " ind2=" " tag="245"><subfield code="a">John von Neumann and Norbert Wiener from mathematics to the technologies of life and death</subfield></datafield><datafield ind1=" " ind2=" " tag="260"><subfield code="a">Cambridge</subfield><subfield code="b">Mit Press</subfield><subfield code="c">1981</subfield></datafield><datafield ind1=" " ind2=" " tag="300"><subfield code="a">XV + 547 p</subfield></datafield><datafield ind1=" " ind2=" " tag="852"><subfield code="a">70782</subfield></datafield><datafield ind1=" " ind2=" " tag="CAT"><subfield code="a">SYS</subfield><subfield code="c">20170210</subfield><subfield code="h">212051</subfield></datafield></record></collection>